% BibTeX bibliography file

@Unpublished{udi:url,
  author = {{Project UDI}},
  title = {Uniform Driver Interface Specification},
  note = {http://\-www.project-udi.org/}
}

